@article{deorowicz2005correcting,
  title={Correcting spelling errors by modelling their causes},
  author={Deorowicz, Sebastian and Ciura, Marcin G},
  journal={International journal of applied mathematics and computer science},
  volume={15},
  number={2},
  pages={275},
  year={2005},
  publisher={University of Zielona Gora Press}
}
@article{damerau1990evaluating,
  title={Evaluating computer-generated domain-oriented vocabularies},
  author={Damerau, Fred J},
  journal={Information processing \& management},
  volume={26},
  number={6},
  pages={791--801},
  year={1990},
  publisher={Elsevier}
}
@article{damerau1989examination,
  title={An examination of undetected typing errors},
  author={Damerau, Fred J and Mays, Eric},
  journal={Information Processing \& Management},
  volume={25},
  number={6},
  pages={659--664},
  year={1989},
  publisher={Elsevier}
}
@article{peterson1986note,
  title={A note on undetected typing errors},
  author={Peterson, James L},
  journal={Communications of the ACM},
  volume={29},
  number={7},
  pages={633--637},
  year={1986},
  publisher={ACM}
}
@article{czech1997perfect,
  title={Perfect hashing},
  author={Czech, Zbigniew J and Havas, George and Majewski, Bohdan S},
  journal={Theoretical Computer Science},
  volume={182},
  number={1-2},
  pages={1--143},
  year={1997},
  publisher={Elsevier}
}
@article{knuthart,
  title={The Art of Computer Programming, Vol. 3: Sorting and Searching," 1973},
  author={Knuth, Donald E},
  journal={This book describes the binary search on},
  pages={409--426}
}
@article{maly1976compressed,
  title={Compressed tries},
  author={Maly, Kurt},
  journal={Communications of the ACM},
  volume={19},
  number={7},
  pages={409--415},
  year={1976},
  publisher={ACM}
}
@article{morrison1968patricia,
  title={PATRICIAâ€”practical algorithm to retrieve information coded in alphanumeric},
  author={Morrison, Donald R},
  journal={Journal of the ACM (JACM)},
  volume={15},
  number={4},
  pages={514--534},
  year={1968},
  publisher={ACM}
}
@article{darragh1993bonsai,
  title={Bonsai: a compact representation of trees},
  author={Darragh, John J and Cleary, John G and Witten, Ian H},
  journal={Software: Practice and Experience},
  volume={23},
  number={3},
  pages={277--291},
  year={1993},
  publisher={Wiley Online Library}
}
@misc{gorin19712003,
  title={2003. International ispell},
  author={Gorin, RE and Willisson, Pace and Buehring, Walt and Kuenning, Geoff},
  year={1971}
}
@article{atkinson2011gnu,
  title={GNU Aspell. 2003},
  author={Atkinson, Kevin},
  journal={URL http://aspell. net},
  year={2011}
}
@article{damerau1964technique,
  title={A technique for computer detection and correction of spelling errors},
  author={Damerau, Fred J},
  journal={Communications of the ACM},
  volume={7},
  number={3},
  pages={171--176},
  year={1964},
  publisher={ACM}
}
@article{wagner1974string,
  title={The string-to-string correction problem},
  author={Wagner, Robert A and Fischer, Michael J},
  journal={Journal of the ACM (JACM)},
  volume={21},
  number={1},
  pages={168--173},
  year={1974},
  publisher={ACM}
}
@inproceedings{levenshtein1966binary,
  title={Binary codes capable of correcting deletions, insertions, and reversals},
  author={Levenshtein, Vladimir I},
  booktitle={Soviet physics doklady},
  volume={10},
  number={8},
  pages={707--710},
  year={1966}
}
@inproceedings{baeza1998fast,
  title={Fast approximate string matching in a dictionary},
  author={Baeza-Yates, Ricardo and Navarro, Gonzalo},
  booktitle={String Processing and Information Retrieval: A South American Symposium, 1998. Proceedings},
  pages={14--22},
  year={1998},
  organization={IEEE}
}
@article{odell1918soundex,
  title={The soundex coding system},
  author={Odell, M and Russell, R},
  journal={US Patents},
  volume={1261167},
  year={1918}
}
@article{pollock1984system,
  title={System design for detection and correction of spelling errors in scientific and scholarly text},
  author={Pollock, Joseph J and Zamora, Antonio},
  journal={Journal of the American Society for Information Science (pre-1986)},
  volume={35},
  number={2},
  pages={104},
  year={1984},
  publisher={Wiley Periodicals Inc.}
}
@article{yannakoudakis1983rules,
  title={The rules of spelling errors},
  author={Yannakoudakis, Emmanuel J and Fawthrop, David},
  journal={Information Processing \& Management},
  volume={19},
  number={2},
  pages={87--99},
  year={1983},
  publisher={Elsevier}
}
@article{yannakoudakis1983intelligent,
  title={An intelligent spelling error corrector},
  author={Yannakoudakis, Emmanuel J and Fawthrop, David},
  journal={Information Processing \& Management},
  volume={19},
  number={2},
  pages={101--108},
  year={1983},
  publisher={Elsevier}
}
@article{church1991probability,
  title={Probability scoring for spelling correction},
  author={Church, Kenneth W and Gale, William A},
  journal={Statistics and Computing},
  volume={1},
  number={2},
  pages={93--103},
  year={1991},
  publisher={Springer}
}
@article{gadd1990phonix,
  title={PHONIX: The algorithm},
  author={Gadd, TN},
  journal={Program},
  volume={24},
  number={4},
  pages={363--366},
  year={1990},
  publisher={MCB UP Ltd}
}
@article{philips1990hanging,
  title={Hanging on the metaphone},
  author={Philips, Lawrence},
  journal={Computer Language},
  volume={7},
  number={12 (December)},
  year={1990}
}
@article{philips2000double,
  title={The double metaphone search algorithm},
  author={Philips, Lawrence},
  journal={C/C++ users journal},
  volume={18},
  number={6},
  pages={38--43},
  year={2000},
  publisher={CMP Media, Inc.}
}
